@BOOK{mu,
   key = 1,
   title = "LISP -- Eine elementare Einführung in die Programmierung nicht\-numerischer Aufgaben",
   author = "D.~Müller",
   publisher = "BI-Hochschultaschenbücher Bd.~628",
   year = 1985 }

@BOOK{ze,
   key = 2,
   title = "Forth 83 -- Eine gründliche Einführung in die Forth-Version -- auch für PC's",
   author = "R.~Zech",
   publisher = "Franzis'-Verlag München",
   year = 1987 }
